<record><leader>00000cas a2200000 a 4500</leader><controlfield tag="001">133147033</controlfield><controlfield tag="007">hd afa014bucu</controlfield><controlfield tag="007">hd bfa014bubu</controlfield><controlfield tag="008">070522d19161918akuwr nea     0    0eng c</controlfield><datafield ind1=" " ind2=" " tag="010"><subfield code="a">  2007252437</subfield></datafield><datafield ind1=" " ind2=" " tag="040"><subfield code="a">WAU</subfield><subfield code="b">eng</subfield><subfield code="c">WAU</subfield><subfield code="d">OCLCQ</subfield><subfield code="d">OCLCF</subfield></datafield><datafield ind1="1" ind2=" " tag="029"><subfield code="a">AU@</subfield><subfield code="b">000041677701</subfield></datafield><datafield ind1=" " ind2=" " tag="042"><subfield code="a">pcc</subfield></datafield><datafield ind1=" " ind2=" " tag="043"><subfield code="a">n-us-ak</subfield></datafield><datafield ind1="0" ind2=" " tag="130"><subfield code="a">Nenana news (Nenana, Alaska : 1916)</subfield></datafield><datafield ind1="1" ind2="4" tag="245"><subfield code="a">The Nenana news</subfield><subfield code="h">[microform].</subfield></datafield><datafield ind1=" " ind2=" " tag="260"><subfield code="a">Nenana, Alaska :</subfield><subfield code="b">Nenana Print. Co.,</subfield><subfield code="c">1916-1918.</subfield></datafield><datafield ind1=" " ind2=" " tag="300"><subfield code="a">2 v.</subfield></datafield><datafield ind1=" " ind2=" " tag="310"><subfield code="a">Weekly</subfield></datafield><datafield ind1="0" ind2=" " tag="362"><subfield code="a">Vol. 1, no. 1 (Sept. 24, 1916)-v. 2. whole no. 80 (Mar. 30, 1918).</subfield></datafield><datafield ind1=" " ind2=" " tag="580"><subfield code="a">Published a daily between issues with title: Nenana daily bulletin, &lt;Mar. 25, 1918&gt;-Mar. 29, 1918.</subfield></datafield><datafield ind1=" " ind2=" " tag="533"><subfield code="a">Microfilm.</subfield><subfield code="b">[Seattle, Wash.] :</subfield><subfield code="c">Filmed by University of Washington Library.</subfield><subfield code="e">1 microfilm reel ; 35 mm.</subfield><subfield code="n">Filmed with: Nenana daily bulletin.</subfield></datafield><datafield ind1=" " ind2="0" tag="651"><subfield code="a">Nenana (Alaska)</subfield><subfield code="v">Newspapers.</subfield></datafield><datafield ind1=" " ind2="7" tag="655"><subfield code="a">Newspapers.</subfield><subfield code="2">fast</subfield><subfield code="0">(OCoLC)fst01423814</subfield></datafield><datafield ind1=" " ind2="7" tag="651"><subfield code="a">Alaska</subfield><subfield code="z">Nenana.</subfield><subfield code="2">fast</subfield><subfield code="0">(OCoLC)fst01226027</subfield></datafield><datafield ind1=" " ind2=" " tag="752"><subfield code="a">United States</subfield><subfield code="b">Alaska</subfield><subfield code="d">Nenana.</subfield></datafield><datafield ind1="1" ind2=" " tag="775"><subfield code="t">Nenana daily bulletin</subfield></datafield><datafield ind1="1" ind2=" " tag="776"><subfield code="c">Original</subfield><subfield code="w">(DLC)sn 96060049</subfield><subfield code="w">(OCoLC)35898209</subfield></datafield><datafield ind1="0" ind2="0" tag="785"><subfield code="t">Nenana daily news</subfield><subfield code="w">(DLC)  2007252586</subfield><subfield code="w">(OCoLC)133128000</subfield></datafield></record>